<?xml version="1.0" encoding="UTF-8"?><collection xmlns="http://www.loc.gov/MARC21/slim"><record><leader>00341nam--2200121-i-4500</leader><controlfield tag="001">000006847</controlfield><controlfield tag="002">20161230</controlfield><controlfield tag="005">20161230201027</controlfield><controlfield tag="008">060222s1000------------r-----000-0-eng-d</controlfield><datafield ind1=" " ind2=" " tag="245"><subfield code="a">Progress in nucleic acid research and molecular biology</subfield></datafield><datafield ind1=" " ind2=" " tag="260"><subfield code="a">New York, Academic Press, 1963</subfield></datafield><datafield ind1=" " ind2=" " tag="490"><subfield code="a">Xiv+424p</subfield></datafield><datafield ind1=" " ind2=" " tag="700"><subfield code="a">Davidson, J.N.And Cohn, Waldo C</subfield></datafield></record></collection>